<?xml version="1.0" encoding="UTF-8"?><collection xmlns="http://www.loc.gov/MARC21/slim"><record><leader>00398nam--2200133-i-4500</leader><controlfield tag="001">000005002</controlfield><controlfield tag="002">20161230</controlfield><controlfield tag="005">20170304211833</controlfield><controlfield tag="008">060222s1000------------r-----000-0-eng-d</controlfield><datafield ind1=" " ind2=" " tag="100"><subfield code="a">Costedoat, Andre</subfield></datafield><datafield ind1=" " ind2=" " tag="245"><subfield code="a">La protection medicale de la population civile contre les attaques atomiques</subfield></datafield><datafield ind1=" " ind2=" " tag="260"><subfield code="a">Paris</subfield><subfield code="b">Editions Berger-levrault</subfield><subfield code="c">1957</subfield></datafield><datafield ind1=" " ind2=" " tag="300"><subfield code="a">194 p., 85 Fig</subfield></datafield><datafield ind1=" " ind2=" " tag="CAT"><subfield code="a">SYS</subfield><subfield code="c">20170304</subfield><subfield code="h">211833</subfield></datafield></record></collection>